@INPROCEEDINGS{Drougard13,
AUTHOR = "Nicolas Drougard and Florent Teichteil-Konigsbuch and Jean-Loup Farges and Didier Dubois",
TITLE = "Qualitative Possibilistic Mixed-Observable {MDP}s",
BOOKTITLE = "Proceedings of the Twenty-Ninth Conference Annual Conference on Uncertainty in Artificial Intelligence (UAI-13)",
PUBLISHER = "AUAI Press",
ADDRESS = "Corvallis, Oregon",
YEAR = "2013",
PAGES = "192--201"
} 

@inproceedings{DBLP:conf/aaai/DrougardTFD14,
  author    = {Nicolas Drougard and
               Florent Teichteil{-}K{\"{o}}nigsbuch and
               Jean{-}Loup Farges and
               Didier Dubois},
  title     = {Structured Possibilistic Planning Using Decision Diagrams},
  booktitle = {Proceedings of the Twenty-Eighth {AAAI} Conference on Artificial Intelligence,
               July 27 -31, 2014, Qu{\'{e}}bec City, Qu{\'{e}}bec, Canada.},
  pages     = {2257--2263},
  year      = {2014},
  crossref  = {DBLP:conf/aaai/2014},
  url       = {http://www.aaai.org/ocs/index.php/AAAI/AAAI14/paper/view/8553},
  timestamp = {Thu, 31 Jul 2014 09:00:19 +0200},
  biburl    = {http://dblp.uni-trier.de/rec/bib/conf/aaai/DrougardTFD14},
  bibsource = {dblp computer science bibliography, http://dblp.org}
}

@inproceedings{DBLP:conf/sum/DrougardDFT15,
  author    = {Nicolas Drougard and
               Didier Dubois and
               Jean{-}Loup Farges and
               Florent Teichteil{-}K{\"{o}}nigsbuch},
  title     = {Planning in Partially Observable Domains with Fuzzy Epistemic States
               and Probabilistic Dynamics},
  booktitle = {Scalable Uncertainty Management - 9th International Conference, {SUM}
               2015, Qu{\'{e}}bec City, QC, Canada, September 16-18, 2015. Proceedings},
  pages     = {220--233},
  year      = {2015},
  crossref  = {DBLP:conf/sum/2015},
  url       = {http://dx.doi.org/10.1007/978-3-319-23540-0_15},
  doi       = {10.1007/978-3-319-23540-0_15},
  timestamp = {Wed, 16 Sep 2015 13:24:33 +0200},
  biburl    = {http://dblp.uni-trier.de/rec/bib/conf/sum/DrougardDFT15},
  bibsource = {dblp computer science bibliography, http://dblp.org}
}

@article{Sabbadin2001287,
title = "Possibilistic {M}arkov decision processes ",
journal = "Engineering Applications of Artificial Intelligence ",
volume = "14",
number = "3",
pages = "287 - 300",
year = "2001",
note = "Soft Computing for Planning and Scheduling ",
issn = "0952-1976",
doi = "10.1016/S0952-1976(01)00007-0",
url = "http://www.sciencedirect.com/science/article/pii/S0952197601000070",
author = "R\'egis Sabbadin"}

@inproceedings{conf/ecai/Sabbadi00,
  added-at = {2003-11-25T00:00:00.000+0100},
  author = {Sabbadin, R\'egis},
  booktitle = {ECAI},
  date = {2003-11-25},
  editor = {Horn, Werner},
  pages = {586-590},
  publisher = {IOS Press},
  title = {Empirical Comparison of Probabilistic and Possibilistic {M}arkov Decision Processes Algorithms.},
  year = {2000}
}

@book{LaValle2006PA1213331,
 author = {LaValle, Steven M.},
 title = {Planning Algorithms},
 year = {2006},
 isbn = {0521862051},
 publisher = {Cambridge University Press},
 address = {New York, NY, USA},
} 

@inproceedings{Sabbadin:1999:pipomdp,
 author = {Sabbadin, R{\'e}gis},
 title = {A possibilistic model for qualitative sequential decision problems under uncertainty in partially observable environments},
 booktitle = {Proceedings of the Fifteenth conference on Uncertainty in artificial intelligence},
 series = {UAI'99},
 year = {1999},
 isbn = {1-55860-614-9},
 location = {Stockholm, Sweden},
 pages = {567--574},
 numpages = {8},
 url = {http://dl.acm.org/citation.cfm?id=2073796.2073860},
 acmid = {2073860},
 publisher = {Morgan Kaufmann Publishers Inc.},
 address = {San Francisco, CA, USA},
}

@PhDThesis{ Sa1998.16,
author = {Sabbadin, R\'egis},
title = "{Une Approche Ordinale de la Decision dans l'Incertain: Axiomatisation, Representation Logique et Application \`a la D\'ecision S\'equentielle}",
year = {1998},
month = {d\'ecembre},
type = {Th\`ese de doctorat},
school = {Universit\'e Paul Sabatier},
address = {Toulouse, France},
keywords = {RPDMP-TH-TN, RPDMP-MFD}
}

@INPROCEEDINGS{LIP61723,
                    author = {Weng, Paul},
               x-lip6teams = {DECISION},
                  x-lip6id = {1723},
  x-international-audience = {yes},
                     title = {{Q}ualitative {D}ecision-{M}aking {U}nder {P}ossibilistic {U}ncertainty: {T}oward {M}ore {D}iscriminating {C}riteria},
                 booktitle = {21st {I}nternational {C}onference on {U}ncertainty in {A}rtificial {I}ntelligence},
                    volume = {21},
                      year = {2005},
                     pages = {615-622},
                      note = {INT LIP6 DECISION},
                       url = {http://www-desir.lip6.fr/~weng/pub/pub_377_1_uai05v3.pdf}
}

@INPROCEEDINGS{LIP67955,
                    author = {Perny, Patrice and Spanjaard, Olivier and Weng, Paul},
               x-lip6teams = {DECISION},
                  x-lip6id = {7955},
  x-international-audience = {yes},
                     title = {{A}lgebraic {M}arkov {D}ecision {P}rocesses},
                 booktitle = {19th {I}nternational {J}oint {C}onference on {A}rtificial {I}ntelligence},
                      year = {2005},
                     pages = {1372-1377},
               institution = {LIP6},
                       url = {http://www-desir.lip6.fr/~weng/pub/pub_359_1_1677.pdf}
}

@ARTICLE{LIP61498,
                    author = {Weng, Paul},
               x-lip6teams = {DECISION},
                  x-lip6id = {1498},
  x-international-audience = {no},
                     title = {Conditions g{\'{e}}n{\'{e}}rales pour l'admissibilit{\'{e}} de la programmation dynamique dans la d{\'{e}}cision s{\'{e}}quentielle possibiliste},
                   journal = {{R}evue d'{I}ntelligence {A}rtificielle},
                    volume = {21},
                    number = {1},
                      year = {2007},
                     pages = {129-143},
                      note = {NAT LIP6 DECISION},
                       url = {http://www-desir.lip6.fr/~weng/pub/pub_429_1_weng-ria-2007.pdf}
}

@book{DBLP:books/daglib/0024909,
  author    = {C{\'e}dric Pralet and
               Thomas Schiex and
               G{\'e}rard Verfaillie},
  title     = {Sequential Decision-Making Problems - Representation and
               Solution},
  publisher = {Wiley},
  year      = {2009},
  isbn      = {978-1-84821-174-2},
  pages     = {I-XVI, 1-325},
  ee        = {http://eu.wiley.com/WileyCDA/WileyTitle/productCd-1848211740.html},
  bibsource = {DBLP, http://dblp.uni-trier.de}
}

@article{DBLP:journals/ai/BoutilierDG00,
  author    = {Craig Boutilier and
               Richard Dearden and
               Mois{\'e}s Goldszmidt},
  title     = {Stochastic dynamic programming with factored representations},
  journal   = {Artif. Intell.},
  volume    = {121},
  number    = {1-2},
  year      = {2000},
  pages     = {49-107}
}

@inproceedings{DBLP:conf/uai/Boutilier97,
  author    = {Craig Boutilier},
  title     = {Correlated Action Effects in Decision Theoretic Regression},
  booktitle = {UAI},
  year      = {1997},
  pages     = {30-37}
}

@INPROCEEDINGS{Hoey99spudd:stochastic,
    author = {Jesse Hoey and Robert St-Aubin and Alan Hu and Craig Boutilier},
    title = {{SPUDD}: Stochastic planning using decision diagrams},
    booktitle = {In Proceedings of the Fifteenth Conference on Uncertainty in Artificial Intelligence},
    year = {1999},
    pages = {279--288},
    publisher = {Morgan Kaufmann}
}

@INPROCEEDINGS{St-aubin00apricodd:approximate,
    author = {Robert St-Aubin and Jesse Hoey and Craig Boutilier},
    title = {{APRICODD}: Approximate policy construction using decision diagrams},
    booktitle = {In Proceedings of Conference on Neural Information Processing Systems},
    year = {2000},
    pages = {1089--1095}
}

@TechReport{Spaan04techrep,
  author =       {Matthijs T. J. Spaan and Nikos Vlassis},
  title =        {Perseus: randomized point-based value iteration for
                  {POMDPs}},
  institution =  {Informatics Institute, University of Amsterdam},
  month =        nov,
  year =         2004,
  number =       {IAS-UVA-04-02}
}


@Book {Smallwood_Sondik,
author = {Richard D. Smallwood and Edward J. Sondik},
title = "{The Optimal Control of Partially Observable Markov Processes Over a Finite Horizon}",
year = {1973},
booktitle = "{Operations Research}",
volume = {21},
publisher = {INFORMS},
pages = {1071-1088},
language = {anglais},
keywords = {POMDP}
}

@inproceedings{Pineau_2003_4826,
   author = "Joelle Pineau and Geoffrey Gordon and Sebastian Thrun",
   title = "Point-based value iteration: An anytime algorithm for {POMDP}s",
   booktitle = "International Joint Conference on Artificial Intelligence (IJCAI)",
   pages = "1025 - 1032",
   month = "August",
   year = "2003",
} 

@INPROCEEDINGS{Kurniawati-RSS08,
AUTHOR    = {Hanna Kurniawati and David Hsu and Wee Sun Lee},
TITLE     = {{SARSOP}: Efficient Point-Based {POMDP} Planning by Approximating Optimally Reachable Belief Spaces},
BOOKTITLE = {Proceedings of Robotics: Science and Systems IV},
YEAR      = {2008},
ADDRESS   = {Zurich, Switzerland},
MONTH     = {June}}


@inproceedings{Smith:2004:HSV:1036843.1036906,
 author = {Smith, Trey and Simmons, Reid},
 title = {Heuristic search value iteration for {POMDP}s},
 booktitle = {Proceedings of the 20th conference on Uncertainty in artificial intelligence},
 series = {UAI '04},
 year = {2004},
 isbn = {0-9749039-0-6},
 location = {Banff, Canada},
 pages = {520--527},
 numpages = {8},
 url = {http://dl.acm.org/citation.cfm?id=1036843.1036906},
 acmid = {1036906},
 publisher = {AUAI Press},
 address = {Arlington, Virginia, United States},
} 

@inproceedings{Sim:2008:SHS:1620163.1620241,
 author = {Sim, Hyeong Seop and Kim, Kee-Eung and Kim, Jin Hyung and Chang, Du-Seong and Koo, Myoung-Wan},
 title = {Symbolic Heuristic Search Value Iteration for Factored {POMDP}s},
 booktitle = {Proceedings of the 23rd National Conference on Artificial Intelligence - Volume 2},
 series = {AAAI'08},
 year = {2008},
 isbn = {978-1-57735-368-3},
 location = {Chicago, Illinois},
 pages = {1088--1093},
 numpages = {6},
 url = {http://dl.acm.org/citation.cfm?id=1620163.1620241},
 acmid = {1620241},
 publisher = {AAAI Press},
} 

@inproceedings{shani,
    abstract = {{Recent scaling up of POMDP solvers towards re- 
alistic applications is largely due to point-based 
methods which quickly converge to an approximate 
solution for medium-sized problems. Of this family 
HSVI, which uses trial-based asynchronous value 
iteration, can handle the largest domains. In this 
paper we suggest a new algorithm, FSVI, that uses 
the underlying MDP to traverse the belief space to- 
wards rewards, ﬁnding sequences of useful back- 
ups, and show how it scales up better than HSVI on 
larger benchmarks.}},
    author = {Shani, Guy and Brafman, Ronen I. and Shimony, Solomon E.},
    booktitle = {International Joint Conference on Artificial Intelligence},
    citeulike-article-id = {2953082},
    citeulike-linkout-0 = {http://www.cs.bgu.ac.il/\~{}brafman/ijcai07a.pdf},
    keywords = {approximation, based, belief, gathering, mdp, point, pomdp, technique},
    posted-at = {2008-07-02 19:29:42},
    priority = {0},
    title = {{F}orward {S}earch {V}alue {I}teration for {POMDP}s},
    url = {http://www.cs.bgu.ac.il/\~{}brafman/ijcai07a.pdf},
    year = {2007}
}

@MISC{Bonet_newgrid-based,
    author = {Blai Bonet},
    title = {New Grid-Based Algorithms for Partially Observable {M}arkov Decision Processes: Theory and Practice },
    year = {}
}

@article{Lovejoy91,
    abstract = {{A partially observed Markov decision process (POMDP) is a sequential decision problem where information concerning parameters of interest is incomplete, and possible actions include sampling, surveying, or otherwise collecting additional information. Such problems can theoretically be solved as dynamic programs, but the relevant state space is infinite, which inhibits algorithmic solution. This paper explains how to approximate the state space by a finite grid of points, and use that grid to construct upper and lower value function bounds, generate approximate nonstationary and stationary policies, and bound the value loss relative to optimal for using these policies in the decision problem. A numerical example illustrates the methodology.}},
    author = {Lovejoy, William S.},
    citeulike-article-id = {10240380},
    citeulike-linkout-0 = {http://www.jstor.org/stable/171496},
    journal = {Operations Research},
    keywords = {pomdp},
    number = {1},
    posted-at = {2012-01-18 21:49:50},
    priority = {2},
    publisher = {INFORMS},
    title = {{Computationally Feasible Bounds for Partially Observed Markov Decision Processes}},
    url = {http://www.jstor.org/stable/171496},
    volume = {39},
    year = {1991}
}

@inproceedings{DBLP:conf/ijcai/BonetG09,
  author    = {Blai Bonet and
               Hector Geffner},
  title     = {Solving {POMDP}s: {RTDP}-{B}el vs. Point-based Algorithms},
  booktitle = {{IJCAI} 2009, Proceedings of the 21st International Joint Conference
               on Artificial Intelligence, Pasadena, California, USA, July 11-17,
               2009},
  pages     = {1641--1646},
  year      = {2009},
  crossref  = {DBLP:conf/ijcai/2009},
  url       = {http://ijcai.org/papers09/Papers/IJCAI09-274.pdf},
  timestamp = {Tue, 13 Oct 2009 12:35:30 +0200},
  biburl    = {http://dblp.uni-trier.de/rec/bib/conf/ijcai/BonetG09},
  bibsource = {dblp computer science bibliography, http://dblp.org}
}

@ARTICLE{Pryor96planningfor,
    author = {Louise Pryor and Gregg Collins},
    title = {Planning for contingencies: A decision-based approach},
    journal = {Journal of Artificial Intelligence Research},
    year = {1996},
    volume = {4},
    pages = {287--339}
}

@MISC{Albore_atranslation-based,
    author = {Alexandre Albore and H\'ector Palacios and H\'ector Geffner},
    title = {A Translation-based Approach to Contingent Planning},
    year = {}
}

@incollection{NIPS2010_4031,
title = {Monte-Carlo Planning in Large {POMDP}s},
author = {Silver, David and Joel Veness},
booktitle = {Advances in Neural Information Processing Systems 23},
editor = {J.D. Lafferty and C.K.I. Williams and J. Shawe-Taylor and R.S. Zemel and A. Culotta},
pages = {2164--2172},
year = {2010},
publisher = {Curran Associates, Inc.},
url = {http://papers.nips.cc/paper/4031-monte-carlo-planning-in-large-pomdps.pdf}
}

@InProceedings{bonet:icml02,
  author = "B. Bonet",
  title = "An $\epsilon$-optimal grid-based algorithm for {P}artially {O}bservable {M}arkov {D}ecision {P}rocesses",
  pages = "51--58",
  booktitle = "Proc. 19th International Conf. on Machine Learning",
  editor = "C. Sammut and A. Hoffmann",
  address = "Sydney, Australia",
  year = "2002",
  publisher = "Morgan Kaufmann"
}

@INPROCEEDINGS{Brafman97aheuristic,
    author = {Ronen I. Brafman},
    title = {A Heuristic Variable Grid Solution Method for {POMDP}s},
    booktitle = {In AAAI},
    year = {1997},
    pages = {727--733}
}

@MISC{Littman96algorithmsfor,
    author = {Michael Lederman Littman},
    title = {Algorithms for Sequential Decision Making},
    year = {1996}
}



@article{DBLP:journals/ijar/SabbadinFL98,
  author    = {R{\'e}gis Sabbadin and
               H{\'e}l{\`e}ne Fargier and
               J{\'e}r{\^o}me Lang},
  title     = {Towards qualitative approaches to multi-stage decision making},
  journal   = {Int. J. Approx. Reasoning},
  volume    = {19},
  number    = {3-4},
  year      = {1998},
  pages     = {441-471},
  ee        = {http://dx.doi.org/10.1016/S0888-613X(98)10019-1},
  bibsource = {DBLP, http://dblp.uni-trier.de}
}

@incollection{didierhelene,
year={2009},
isbn={978-3-642-02905-9},
booktitle={Symbolic and Quantitative Approaches to Reasoning with Uncertainty},
volume={5590},
series={Lecture Notes in Computer Science},
editor={Sossai, Claudio and Chemello, Gaetano},
doi={10.1007/978-3-642-02906-6_28},
title={Capacity Refinements and Their Application to Qualitative Decision Evaluation},
url={http://dx.doi.org/10.1007/978-3-642-02906-6_28},
publisher={Springer Berlin Heidelberg},
keywords={Capacities; belief functions; Sugeno integral; decision evaluation},
author={Dubois, Didier and Fargier, H\'el\`ene},
pages={311-322},
language={English}
}

@inproceedings{Dubois:1998:sugeno,
 author = {Dubois, Didier and Prade, Henri and Sabbadin, R{\'e}gis},
 title = {Qualitative decision theory with Sugeno integrals},
 booktitle = {Proceedings of the Fourteenth conference on Uncertainty in artificial intelligence},
 series = {UAI'98},
 year = {1998},
 isbn = {1-55860-555-X},
 location = {Madison, Wisconsin},
 pages = {121--128},
 numpages = {8},
 url = {http://dl.acm.org/citation.cfm?id=2074094.2074109},
 acmid = {2074109},
 publisher = {Morgan Kaufmann Publishers Inc.},
 address = {San Francisco, CA, USA},
}

@INPROCEEDINGS{Dubois95possibilitytheory,
    author = {Didier Dubois and Henri Prade},
    title = {Possibility {T}heory as a Basis for Qualitative Decision Theory},
    booktitle = {IJCAI},
    year = {1995},
    pages = {1924--1930},
    publisher = {Morgan Kaufmann}
}


@INPROCEEDINGS{Dubois93onpossibility/probability,
    author = {Didier Dubois and Henri Prade and Sandra Sandri},
    title = {On Possibility/Probability Transformations},
    booktitle = {Proceedings of Fourth IFSA Conference},
    year = {1993},
    pages = {103--112},
    publisher = {Kluwer Academic Publ}
}

@book{DuBois:1997:FSS:550526,
 author = {DuBois, Didier},
 title = {Fuzzy Sets and Systems: Theory and Applications},
 year = {1997},
 isbn = {0122227506},
 publisher = {Academic Press, Inc.},
 address = {Orlando, FL, USA},
} 

@Book{ DuPr1988.4,
author = {Dubois, Didier and Prade, Henri},
title = "{Possibility Theory: An Approach to Computerized Processing of Uncertainty (traduction revue et augment\'ee de {"}Th\'eorie des Possibilit\'es{"})}",
year = {1988},
publisher = {Plenum Press},
address = {New York},
keywords = {RPDMP-}
}


@article{Dubois199023,
title = "The logical view of conditioning and its application to possibility and evidence theories ",
journal = "International Journal of Approximate Reasoning ",
volume = "4",
number = "1",
pages = "23 - 46",
year = "1990",
note = "",
issn = "0888-613X",
doi = "http://dx.doi.org/10.1016/0888-613X(90)90007-O",
url = "http://www.sciencedirect.com/science/article/pii/0888613X9090007O",
author = "Didier Dubois and Henri Prade",
keywords = "material implication",
keywords = "production rule",
keywords = "conditioning",
keywords = "uncertainty",
keywords = "nonmonotonicity",
keywords = "probability",
keywords = "possibility",
keywords = "belief function "
}

@Article{Dubois05b,
author = {Dubois, D.  and Fortemps, Ph. },
title   = {Selecting preferred solutions in the minimax approach to dynamic programming problems under flexible constraints},
year	= {2005},
journal	= {European Journal of Operational Research},
volume  = {160},
number  = {3},
pages   = {582-598}
}

@ARTICLE{Dubois04probability-possibilitytransformations,
    author = {Didier Dubois and Laurent Foulloy and Gilles Mauris and Henri Prade},
    title = {Probability-possibility transformations, triangular fuzzy sets and probabilistic inequalities},
    journal = {Reliable Computing},
    year = {2004},
    volume = {10},
    pages = {2004}
}

@article{DBLP:journals/eor/DuboisPS01,
  author    = {Didier Dubois and
               Henri Prade and
               R{\'e}gis Sabbadin},
  title     = {Decision-theoretic foundations of qualitative possibility
               theory},
  journal   = {European Journal of Operational Research},
  volume    = {128},
  number    = {3},
  year      = {2001},
  pages     = {459-478},
  ee        = {http://dx.doi.org/10.1016/S0377-2217(99)00473-7},
  bibsource = {DBLP, http://dblp.uni-trier.de}
}

@book{de1974theory,
  title={Theory of probability: a critical introductory treatment},
  author={De Finetti, B.},
  isbn={9780471201410},
  lccn={lc73010744},
  series={Wiley series in probability and mathematical statistics. Probability and mathematical statistics},
  url={http://books.google.fr/books?id=aRbvAAAAMAAJ},
  year={1974},
  publisher={Wiley}
}

@article{Zadeh1965338,
  abstract = {A fuzzy set is a class of objects with a continuum of grades of membership. Such a set is characterized by a membership (characteristic) function which assigns to each object a grade of membership ranging between zero and one. The notions of inclusion, union, intersection, complement, relation, convexity, etc., are extended to such sets, and various properties of these notions in the context of fuzzy sets are established. In particular, a separation theorem for convex fuzzy sets is proved without requiring that the fuzzy sets be disjoint.},
  added-at = {2013-01-02T11:52:07.000+0100},
  author = {Zadeh, L.A.},
  biburl = {http://www.bibsonomy.org/bibtex/2683ece5f4f5155ba309275106e500002/vivion},
  description = {ScienceDirect.com - Information and Control - Fuzzy sets},
  doi = {10.1016/S0019-9958(65)90241-X},
  interhash = {0bf160dae1a4de0aeb94a28c20c7587b},
  intrahash = {683ece5f4f5155ba309275106e500002},
  issn = {0019-9958},
  journal = {Information and Control},
  keywords = {fuzzy soft-computing},
  number = 3,
  pages = {338 - 353},
  timestamp = {2013-01-02T11:52:07.000+0100},
  title = {Fuzzy sets},
  url = {http://www.sciencedirect.com/science/article/pii/S001999586590241X},
  volume = 8,
  year = 1965
}
@ARTICLE{Zadeh75theconcept,
    author = {L. A. Zadeh},
    title = {The Concept of a Linguistic Variable and its Application to Approximate Reasoning},
    journal = {Journal of Information Science},
    year = {1975},
    pages = {199}
}

@ARTICLE{Bryant92symbolicboolean,
    author = {Randal E Bryant},
    title = {Symbolic Boolean manipulation with ordered binary-decision diagrams},
    journal = {ACM Computing Surveys},
    year = {1992},
    volume = {24},
    pages = {293--318}
}

@article{Bahar:1997:ADD,
 author = {Bahar, R. I. and Frohm, E. A. and Gaona, C. M. and Hachtel, G. D. and Macii, E. and Pardo, A. and Somenzi, F.},
 title = {Algebric Decision Diagrams and Their Applications},
 journal = {Form. Methods Syst. Des.},
 issue_date = {April -May  1997},
 volume = {10},
 number = {2-3},
 month = apr,
 year = {1997},
 issn = {0925-9856},
 pages = {171--206},
 numpages = {36},
 url = {http://dx.doi.org/10.1023/A:1008699807402},
 doi = {10.1023/A:1008699807402},
 acmid = {607566},
 publisher = {Kluwer Academic Publishers},
 address = {Hingham, MA, USA},
 keywords = {decision diagrams, graph algorithms, linear algebra },
}

@phdthesis{Poupart:2005:phd,
  author = {Pascal Poupart},
  title = {Exploiting Structure to Efficiently Solve Large Scale Partially Observable {M}arkov Decision Processes},
  school = {Department of Computer Science, University of Toronto},
  year = {2005}
}

@book{Pearl:1988:PRI:52121,
 author = {Pearl, Judea},
 title = {Probabilistic reasoning in intelligent systems: networks of plausible inference},
 year = {1988},
 isbn = {0-934613-73-7},
 publisher = {Morgan Kaufmann Publishers Inc.},
 address = {San Francisco, CA, USA},
} 

@inproceedings{pearl85bayesian,
    author = {Pearl, Judea},
    booktitle = {Proceedings of the 7th Conference of the Cognitive Science Society, University of California, Irvine},
    citeulike-article-id = {1911949},
    citeulike-linkout-0 = {http://www.amazon.com/Bayesian-networks-self-activated-evidential-University/dp/B00071DFAE},
    day = {15--17},
    keywords = {bayesian, pearl},
    month = aug,
    pages = {329--334},
    posted-at = {2007-11-14 03:23:00},
    priority = {1},
    title = {{Bayesian networks: A model of self-activated memory for evidential reasoning}},
    url = {http://www.amazon.com/Bayesian-networks-self-activated-evidential-University/dp/B00071DFAE},
    year = {1985}
}

@techreport{pearl88,
    author = {Thomas Verma, Judea P.},
    citeulike-article-id = {11847553},
    keywords = {causality},
    month = jul,
    posted-at = {2012-12-17 17:58:28},
    priority = {2},
    school = {UCLA},
    title = {{Influence Diagrams and d-{S}eparation}},
    year = {1988}
}

@article{DBLP:journals/corr/abs-1304-2379,
  author    = {Tom S. Verma and
               Judea Pearl},
  title     = {Causal Networks: Semantics and Expressiveness},
  journal   = {CoRR},
  volume    = {abs/1304.2379},
  year      = {2013},
  url       = {http://arxiv.org/abs/1304.2379},
  timestamp = {Thu, 02 May 2013 15:54:11 +0200},
  biburl    = {http://dblp.uni-trier.de/rec/bib/journals/corr/abs-1304-2379},
  bibsource = {dblp computer science bibliography, http://dblp.org}
}

@InProceedings{Witwicki13icaps,
  author =       {Stefan Witwicki and Francisco S. Melo and Jes\'us
                  Capit\'an and Matthijs T. J. Spaan},
  title =        {A Flexible Approach to Modeling Unpredictable Events
                  in {MDPs}},
  booktitle =    {Proc. of Int. Conf. on Automated Planning and
                  Scheduling},
  year =         2013,
  pages =        {260--268}
}

@article{Dean:1989:DBN,
 author = {Dean, Thomas and Kanazawa, Keiji},
 title = {A model for reasoning about persistence and causation},
 journal = {Comput. Intell.},
 issue_date = {Aug. 1990},
 volume = {5},
 number = {3},
 month = dec,
 year = {1989},
 issn = {0824-7935},
 pages = {142--150},
 numpages = {9},
 publisher = {Blackwell Publishers, Inc.},
 address = {Cambridge, MA, USA},
}

@PhDThesis{delafonk,
 author = {Fonk, Pascale},
 title = {R\'eseaux d'inf\'erence pour le raisonnement possibiliste},
 year = {1994},
 type = {Ph.D. Thesis},
 school = {Universit\'e de Li\`ege, Facult\'e des Sciences}
}

@article{OngShaoHsuWee-IJRR10,
 author = {Ong, Sylvie C. W. and Shao Wei Png and Hsu, David and Wee Sun Lee},
 title = {Planning under Uncertainty for Robotic Tasks with Mixed Observability},
 journal = {Int. J. Rob. Res.},
 issue_date = {July 2010},
 volume = {29},
 number = {8},
 month = jul,
 year = {2010},
 issn = {0278-3649},
 pages = {1053--1068},
 numpages = {16},
 publisher = {Sage Publications, Inc.},
 address = {Thousand Oaks, CA, USA}
}

@inproceedings{AraThoBufCha-ICTAI10,
author= {M. Araya-L\`{o}pez and V. Thomas and O. Buffet and F. Charpillet},
title = {A Closer Look at {MOMDPs}},
year = {2010},
booktitle = {Proceedings of the Twenty-Second IEEE International Conference on Tools with Artificial Intelligence (ICTAI-10)},
location = {Arras, France},
} 

@inproceedings{conf/nips/Araya-LopezBTC10,
  author = {Araya-L\`{o}pez, Mauricio and Buffet, Olivier and Thomas, Vincent and Charpillet, François},
  booktitle = {NIPS},
  editor = {Lafferty, John D. and Williams, Christopher K. I. and Shawe-Taylor, John and Zemel, Richard S. and Culotta, Aron},
  pages = {64-72},
  publisher = {Curran Associates, Inc.},
  title = {A POMDP Extension with Belief-dependent Rewards.},
  year = 2010
}

@inproceedings{DBLP:conf/rss/Marthi12,
  author    = {Bhaskara Marthi},
  title     = {Robust Navigation Execution by Planning in Belief Space},
  booktitle = {Robotics: Science and Systems VIII, University of Sydney, Sydney,
               NSW, Australia, July 9-13, 2012},
  year      = {2012},
  crossref  = {DBLP:conf/rss/2012},
  url       = {http://www.roboticsproceedings.org/rss08/p37.html},
  timestamp = {Wed, 02 Jan 2013 19:50:17 +0100},
  biburl    = {http://dblp.uni-trier.de/rec/bib/conf/rss/Marthi12},
  bibsource = {dblp computer science bibliography, http://dblp.org}
}

@MISC{Sanner_relationaldynamic,
    author = {Scott Sanner},
    title = {Relational Dynamic Influence Diagram Language ({RDDL}): Language Description},
    year = {}
}

@TECHREPORT{Younes_ppddl1.0,
    author = {H\^oakan L. S. Younes and Michael L. Littman},
    title = {{PPDDL} 1.0: An extension to {PDDL} for expressing planning domains with probabilistic effects},
    institution = {},
    year = {}
}

@incollection{symbLRTDP,
year={2010},
isbn={978-3-642-16137-7},
booktitle={Advances in Artificial Intelligencev - SBIA 2010},
volume={6404},
series={Lecture Notes in Computer Science},
editor={da Rocha Costa, Ant\^{o}nio Carlos and Vicari, Rosa Maria and Tonidandel, Flavio},
doi={10.1007/978-3-642-16138-4_20},
title={Symbolic Bounded Real-Time Dynamic Programming},
url={http://dx.doi.org/10.1007/978-3-642-16138-4_20},
publisher={Springer Berlin Heidelberg},
author={Delgado, KarinaValdivia and Fang, Cheng and Sanner, Scott and de Barros, Leliane Nunes},
pages={193-202},
language={English}
}

@INPROCEEDINGS{Kolobov12reverseiterative,
    author = {Andrey Kolobov and Peng Dai and Mausam Daniel and S. Weld},
    title = {Reverse iterative deepening for finite-horizon MDPs with large branching factors},
    booktitle = {In ICAPS'12},
    year = {2012}
}

@inproceedings{DBLP:conf/aips/ShaniPBS08,
  author    = {Guy Shani and
               Pascal Poupart and
               Ronen I. Brafman and
               Solomon Eyal Shimony},
  title     = {Efficient {ADD} Operations for Point-Based Algorithms},
  booktitle = {ICAPS},
  year      = {2008},
  pages     = {330-337},
  ee        = {http://www.aaai.org/Library/ICAPS/2008/icaps08-041.php},
  crossref  = {DBLP:conf/aips/2008},
  bibsource = {DBLP, http://dblp.uni-trier.de}
}

@inproceedings{DBLP:conf/aaai/BoyenK99,
  author    = {Xavier Boyen and
               Daphne Koller},
  title     = {Exploiting the Architecture of Dynamic Systems},
  booktitle = {AAAI/IAAI},
  year      = {1999},
  pages     = {313-320},
  ee        = {http://www.aaai.org/Library/AAAI/1999/aaai99-046.php},
  crossref  = {DBLP:conf/aaai/1999},
  bibsource = {DBLP, http://dblp.uni-trier.de}
}

@article{Itoh2007453,
title = "Partially observable {M}arkov decision processes with imprecise parameters",
journal = "Artificial Intelligence",
volume = "171",
number = "8-9",
pages = "453 - 490",
year = "2007",
note = "",
issn = "0004-3702",
doi = "10.1016/j.artint.2007.03.004",
url = "http://www.sciencedirect.com/science/article/pii/S0004370207000471",
author = "Hideaki Itoh and Kiyohiko Nakamura",
keywords = "POMDP",
keywords = "Second-order beliefs",
keywords = "Parameter set",
keywords = "Probability interval"
}

@article{NiYaLiaZhi,
year={2012},
issn={1432-7643},
journal={Soft Computing},
doi={10.1007/s00500-012-0932-3},
title={Policy iteration for bounded-parameter {POMDP}s},
url={http://dx.doi.org/10.1007/s00500-012-0932-3},
publisher={Springer-Verlag},
keywords={Decision making under uncertainty; Bounded-parameter POMDP; Policy iteration; Optimistic optimality; Finite-state controller; $$\epsilon$$ -Optimal policy},
author={Ni, Yaodong and Liu, Zhi-Qiang},
pages={1-12},
language={English}
}

@article{Ross:2011:BAL:1953048.2021055,
 author = {Ross, St{\'e}phane and Pineau, Joelle and Chaib-draa, Brahim and Kreitmann, Pierre},
 title = {A {B}ayesian Approach for Learning and Planning in Partially Observable {M}arkov Decision Processes},
 journal = {J. Mach. Learn. Res.},
 issue_date = {2/1/2011},
 volume = {12},
 month = jul,
 year = {2011},
 issn = {1532-4435},
 pages = {1729--1770},
 numpages = {42},
 url = {http://dl.acm.org/citation.cfm?id=1953048.2021055},
 acmid = {2021055},
 publisher = {JMLR.org},
} 

@incollection{NIPS2009_3780,
title = {The Infinite Partially Observable {M}arkov Decision Process},
author = {Finale Doshi-velez},
booktitle = {Advances in Neural Information Processing Systems 22},
editor = {Y. Bengio and D. Schuurmans and J.D. Lafferty and C.K.I. Williams and A. Culotta},
pages = {477--485},
year = {2009},
publisher = {Curran Associates, Inc.},
url = {http://papers.nips.cc/paper/3780-the-infinite-partially-observable-markov-decision-process.pdf}
}

@inproceedings{DBLP:conf/aips/KellerE12,
  author    = {Thomas Keller and
               Patrick Eyerich},
  title     = {{PROST:} Probabilistic Planning Based on {UCT}},
  booktitle = {Proceedings of the Twenty-Second International Conference on Automated
               Planning and Scheduling, {ICAPS} 2012, Atibaia, S{\~{a}}o Paulo, Brazil,
               June 25-19, 2012},
  year      = {2012},
  crossref  = {DBLP:conf/aips/2012},
  url       = {http://www.aaai.org/ocs/index.php/ICAPS/ICAPS12/paper/view/4715},
  timestamp = {Fri, 08 Feb 2013 12:59:20 +0100},
  biburl    = {http://dblp.uni-trier.de/rec/bib/conf/aips/KellerE12},
  bibsource = {dblp computer science bibliography, http://dblp.org}
}

@inproceedings{DBLP:conf/aaai/KolobovMW12,
  author    = {Andrey Kolobov and
               Mausam and
               Daniel S. Weld},
  title     = {{LRTDP} Versus {UCT} for Online Probabilistic Planning},
  booktitle = {Proceedings of the Twenty-Sixth {AAAI} Conference on Artificial Intelligence,
               July 22-26, 2012, Toronto, Ontario, Canada.},
  year      = {2012},
  crossref  = {DBLP:conf/aaai/2012},
  url       = {http://www.aaai.org/ocs/index.php/AAAI/AAAI12/paper/view/4961},
  timestamp = {Thu, 31 Jul 2014 11:17:14 +0200},
  biburl    = {http://dblp.uni-trier.de/rec/bib/conf/aaai/KolobovMW12},
  bibsource = {dblp computer science bibliography, http://dblp.org}
}

@INPROCEEDINGS{Bonet03labeledrtdp,
    author = {Blai Bonet},
    title = {Labeled {RTDP}: improving the convergence of real-time dynamic programming},
    booktitle = {In Proc. ICAPS-03},
    year = {2003},
    pages = {12--21},
    publisher = {AAAI Press}
}

@article{Papadimitriou:1987,
 author = {Papadimitriou, Christos and Tsitsiklis, John N.},
 title = {The Complexity of {M}arkov Decision Processes},
 journal = {Math. Oper. Res.},
 issue_date = {August 1, 1987},
 volume = {12},
 number = {3},
 month = aug,
 year = {1987},
 issn = {0364-765X},
 pages = {441--450},
 numpages = {10},
 url = {http://dx.doi.org/10.1287/moor.12.3.441},
 doi = {10.1287/moor.12.3.441},
 acmid = {35581},
 publisher = {INFORMS},
 address = {Institute for Operations Research and the Management Sciences (INFORMS), Linthicum, Maryland, USA}
} 

@techreport{Mundhenk:2000:CPP:867838,
 author = {Mundhenk, Martin},
 title = {The Complexity of Planning with Partially-observable {M}arkov Decision Processes},
 year = {2000},
 publisher = {Dartmouth College},
 address = {Hanover, NH, USA},
} 

@inproceedings{Madani:1999:UPP:315149.315395,
 author = {Madani, Omid and Hanks, Steve and Condon, Anne},
 title = {On the Undecidability of Probabilistic Planning and Infinite-horizon Partially Observable {M}arkov Decision Problems},
 booktitle = {Proceedings of the Sixteenth National Conference on Artificial Intelligence and the Eleventh Innovative Applications of Artificial Intelligence Conference Innovative Applications of Artificial Intelligence},
 series = {AAAI '99/IAAI '99},
 year = {1999},
 isbn = {0-262-51106-1},
 location = {Orlando, Florida, USA},
 pages = {541--548},
 numpages = {8},
 url = {http://dl.acm.org/citation.cfm?id=315149.315395},
 acmid = {315395},
 publisher = {American Association for Artificial Intelligence},
 address = {Menlo Park, CA, USA},
} 

@article{bellman54,
author = "Bellman, Richard",
fjournal = "Bulletin of the American Mathematical Society",
journal = "Bull. Amer. Math. Soc.",
month = "11",
number = "6",
pages = "503--515",
publisher = "American Mathematical Society",
title = "The theory of dynamic programming",
url = "http://projecteuclid.org/euclid.bams/1183519147",
volume = "60",
year = "1954"
}

@book{puterman94,
 author = {Puterman, Martin L.},
 title = {Markov Decision Processes: Discrete Stochastic Dynamic Programming},
 year = {1994},
 isbn = {0471619779},
 edition = {1st},
 publisher = {John Wiley \& Sons, Inc.},
 address = {New York, NY, USA},
}

@inproceedings{Cassandra:1994:AOP:199480.199520,
 author = {Cassandra, Anthony R. and Kaelbling, Leslie Pack and Littman, Michael L.},
 title = {Acting Optimally in Partially Observable Stochastic Domains},
 booktitle = {Proceedings of the Twelfth National Conference on Artificial Intelligence (Vol. 2)},
 series = {AAAI'94},
 year = {1994},
 isbn = {0-262-61102-3},
 location = {Seattle, Washington, USA},
 pages = {1023--1028},
 numpages = {6},
 url = {http://dl.acm.org/citation.cfm?id=199480.199520},
 acmid = {199520},
 publisher = {American Association for Artificial Intelligence},
 address = {Menlo Park, CA, USA},
} 

@INPROCEEDINGS{Cassandra97incrementalpruning,
    author = {Anthony Cassandra and Michael L. Littman and Nevin L. Zhang},
    title = {Incremental Pruning: A Simple, Fast, Exact Method for Partially Observable {M}arkov Decision Processes},
    booktitle = {In Proceedings of the Thirteenth Conference on Uncertainty in Artificial Intelligence},
    year = {1997},
    pages = {54--61},
    publisher = {Morgan Kaufmann Publishers}
}


@PhDThesis{ Be2002.7,
author = {Ben Amor, Nahla},
title = "{Qualitative possibilistic graphical models : from independence to propagation algorithms}",
year = {2002},
month = {juin},
type = {Th\`ese de doctorat},
school = {ISG - Universit\'e de Tunis},
address = {Tunis}
}

@article{Hisdal1978283,
title = "Conditional possibilities independence and noninteraction ",
journal = "Fuzzy Sets and Systems ",
volume = "1",
number = "4",
pages = "283 - 297",
year = "1978",
note = "",
issn = "0165-0114",
doi = "http://dx.doi.org/10.1016/0165-0114(78)90019-2",
url = "http://www.sciencedirect.com/science/article/pii/0165011478900192",
author = "Ellen Hisdal"
}

@article{dempster1967,
author = "Dempster, A. P.",
doi = "10.1214/aoms/1177698950",
fjournal = "The Annals of Mathematical Statistics",
journal = "Ann. Math. Statist.",
month = "04",
number = "2",
pages = "325--339",
publisher = "The Institute of Mathematical Statistics",
title = "Upper and Lower Probabilities Induced by a Multivalued Mapping",
url = "http://dx.doi.org/10.1214/aoms/1177698950",
volume = "38",
year = "1967"
}

@book{shafer1976mathematical,
  added-at = {2009-07-20T15:25:13.000+0200},
  address = {Princeton},
  author = {Shafer, Glenn},
  biburl = {http://www.bibsonomy.org/bibtex/2d4fc08e9d237d8467bce14b095f4e180/asalber},
  booktitle = {A Mathematical Theory of Evidence},
  description = {CCNLab BibTeX},
  interhash = {aca7e40e43ef3b2fa8fd2c44423aed98},
  intrahash = {d4fc08e9d237d8467bce14b095f4e180},
  keywords = {dempster-shafer evidence-theory},
  publisher = {Princeton University Press},
  timestamp = {2009-07-20T15:25:13.000+0200},
  title = {A Mathematical Theory of Evidence},
  year = 1976
}


@article{Walley2000125,
title = "Towards a unified theory of imprecise probability ",
journal = "International Journal of Approximate Reasoning ",
volume = "24",
number = "2-3",
pages = "125 - 148",
year = "2000",
note = "",
issn = "0888-613X",
doi = "http://dx.doi.org/10.1016/S0888-613X(00)00031-1",
url = "http://www.sciencedirect.com/science/article/pii/S0888613X00000311",
author = "Peter Walley",
}


@article{deCampos:1999:ICP:314962.314985,
 author = {de Campos, Luis M. and Huete, Juan F.},
 title = {Independence Concepts in {P}ossibility {T}heory: Part I},
 journal = {Fuzzy Sets Syst.},
 issue_date = {April 1, 1999},
 volume = {103},
 number = {1},
 month = apr,
 year = {1999},
 issn = {0165-0114},
 pages = {127--152},
 numpages = {26},
 url = {http://dx.doi.org/10.1016/S0165-0114(97)00160-7},
 doi = {10.1016/S0165-0114(97)00160-7},
 acmid = {314985},
 publisher = {Elsevier North-Holland, Inc.},
 address = {Amsterdam, The Netherlands, The Netherlands},
 keywords = {Hisdal conditioning, independence, marginal problem, possibility theory},
} 


@article{Choquet1954,
author = {Choquet, Gustave},
journal = {Annales de l'institut Fourier},
keywords = {partial differential equations},
language = {eng},
pages = {131-295},
publisher = {Institut Fourier},
title = {Theory of capacities},
url = {http://eudml.org/doc/73714},
volume = {5},
year = {1954},
}

@article{Torra200643,
title = "The interpretation of fuzzy integrals and their application to fuzzy systems ",
journal = "International Journal of Approximate Reasoning ",
volume = "41",
number = "1",
pages = "43 - 58",
year = "2006",
note = "Aggregation Operators and Decision Modeling ",
issn = "0888-613X",
doi = "http://dx.doi.org/10.1016/j.ijar.2005.08.001",
url = "http://www.sciencedirect.com/science/article/pii/S0888613X05000447",
author = "Vicenç Torra and Yasuo Narukawa",
keywords = "Fuzzy integrals",
keywords = "Sugeno integral",
keywords = "Choquet integral",
keywords = "Twofold integral",
keywords = "Fuzzy inference system "
}

@PHDTHESIS{Sugeno74,
author={M. Sugeno},
title={Theory of fuzzy integrals and its applications},
school={Tokyo Institute of Technology},
year={1974} 
}


@incollection{NIPS2010_4031,
title = {{M}onte-{C}arlo Planning in Large {POMDP}s},
author = {Silver, David and Joel Veness},
booktitle = {Advances in Neural Information Processing Systems 23},
editor = {J.D. Lafferty and C.K.I. Williams and J. Shawe-Taylor and R.S. Zemel and A. Culotta},
pages = {2164--2172},
year = {2010},
publisher = {Curran Associates, Inc.},
url = {http://papers.nips.cc/paper/4031-monte-carlo-planning-in-large-pomdps.pdf}
}

@inproceedings{conf/stairs/ChanelFTI10,
  added-at = {2012-03-14T00:00:00.000+0100},
  author = {Chanel, Caroline Ponzoni Carvalho and Farges, Jean-Loup and Teichteil-K\"onigsbuch, Florent and Infantes, Guillaume},
  biburl = {http://www.bibsonomy.org/bibtex/22e4bb9c81d8fa49432eb67f3ab74ca0d/dblp},
  booktitle = {STAIRS},
  editor = {Agotnes, Thomas},
  ee = {http://dx.doi.org/10.3233/978-1-60750-676-8-50},
  interhash = {32c18ad0b3c6955f572956fbd186b54d},
  intrahash = {2e4bb9c81d8fa49432eb67f3ab74ca0d},
  isbn = {978-1-60750-675-1},
  keywords = {dblp},
  pages = {50-62},
  publisher = {IOS Press},
  series = {Frontiers in Artificial Intelligence and Applications},
  timestamp = {2012-03-14T00:00:00.000+0100},
  title = {{POMDP} solving: what rewards do you really expect at execution?},
  url = {http://dblp.uni-trier.de/db/conf/stairs/stairs2010.html#ChanelFTI10},
  volume = 222,
  year = 2010
}

@inproceedings{DBLP:conf/ecai/ChanelTL12,
  author    = {Caroline Ponzoni Carvalho Chanel and
               Florent Teichteil{-}K{\"{o}}nigsbuch and
               Charles Lesire},
  title     = {{POMDP}-based online target detection and recognition for autonomous
               {UAV}s},
  booktitle = {{ECAI} 2012 - 20th European Conference on Artificial Intelligence.
               Including Prestigious Applications of Artificial Intelligence {(PAIS-2012)}
               System Demonstrations Track, Montpellier, France, August 27-31 , 2012},
  pages     = {955--960},
  year      = {2012},
  crossref  = {DBLP:conf/ecai/2012},
  url       = {http://dx.doi.org/10.3233/978-1-61499-098-7-955},
  doi       = {10.3233/978-1-61499-098-7-955},
  timestamp = {Thu, 06 Sep 2012 14:47:21 +0200},
  biburl    = {http://dblp.uni-trier.de/rec/bib/conf/ecai/ChanelTL12},
  bibsource = {dblp computer science bibliography, http://dblp.org}
}

@inproceedings{DBLP:conf/aaai/ChanelTL13,
  author    = {Caroline Ponzoni Carvalho Chanel and
               Florent Teichteil{-}K{\"{o}}nigsbuch and
               Charles Lesire},
  title     = {Multi-Target Detection and Recognition by {UAV}s Using Online {POMDP}s},
  booktitle = {Proceedings of the Twenty-Seventh {AAAI} Conference on Artificial
               Intelligence, July 14-18, 2013, Bellevue, Washington, {USA.}},
  year      = {2013},
  crossref  = {DBLP:conf/aaai/2013},
  url       = {http://www.aaai.org/ocs/index.php/AAAI/AAAI13/paper/view/6435},
  timestamp = {Tue, 17 Dec 2013 19:26:12 +0100},
  biburl    = {http://dblp.uni-trier.de/rec/bib/conf/aaai/ChanelTL13},
  bibsource = {dblp computer science bibliography, http://dblp.org}
}

@inproceedings{oatao11449,
       booktitle = {17{\`e}me congr{\`e}s francophone AFRIF-AFIA en Reconnaissance des Formes et Intelligence Artificielle (RFIA 2010)},
           title = {Optimisation des Processus D{\'e}cisionnels de {M}arkov Partiellement Observables avec prise en compte explicite du gain d'information},
          author = {Caroline Ponzoni Carvalho Chanel and Florent Teichteil-K{\"o}nigsbuch and Guillaume Infantes},
         address = {Caen, FR},
            year = {2010},
}

@inproceedings{oatao11437,
       booktitle = {8{\`e}mes Journ{\'e}es Francophones Planification, D{\'e}cision, et Apprentissage pour la conduite de syst{\`e}mes (JFPDA)},
           title = {D{\'e}cision s{\'e}quentielle pour la perception active : p-POMDP versus POMDP},
          author = {Caroline Ponzoni Carvalho Chanel and Florent Teichteil-K{\"o}nigsbuch and Patrick Fabiani},
         address = {Lille, FR},
            year = {2013},
        keywords = {Planification pour la perception - POMDP - robotique mobile},
             url = {http://oatao.univ-toulouse.fr/11437/},
        abstract = {Cet article propose une {\'e}tude du compromis entre la prise d?information et la d{\'e}cision dans un cadre applicatif qui se rapporte {\`a} une mission d?exploration, o{\`u} l?agent interagit avec son environnement pour identifier l?{\'e}tat cach{\'e} du syst{\`e}me. Dans ce probl{\`e}me de d{\'e}cision s{\'e}quentielle pour la perception, il est possible de faire reposer la fonction de r{\'e}compense sur une mesure de l?incertitude sur l?{\'e}tat de croyance de l?agent (Araya-L{\'o}pez et al., 2010; Candido \& Hutchinson, 2011; Eidenberger \& Scharinger, 2010). Sa forme est donc diff{\'e}rente de celle utilis{\'e}e dans le cadre classique des POMDP qui est, pour sa part, bas{\'e}e sur la paire {\'e}tat-action. Nous comparons donc deux approches d?optimisation des politiques pour ce type de probl{\`e}me. D?une part nous proposons un crit{\`e}re mixte qui couple une mesure de l?incertitude sur l?{\'e}tat de croyance avec les r{\'e}compenses d{\'e}finies par les paires {\'e}tat-action et nous d{\'e}veloppons un sch{\'e}ma algorithmique de r{\'e}solution pour ce crit{\`e}re. D?autre part, nous proposons d?ajouter au mod{\`e}le des {\'e}tats but fictifs au moyen des actions de classification afin de revenir {\`a} une mod{\'e}lisation sous-forme de POMDP classique (crit{\`e}re non mixte). Une {\'e}tude comparative de ces approches est ici pr{\'e}sent{\'e}e afin de v{\'e}rifier leur {\'e}quivalence en termes de prise d?informations. Les r{\'e}sultats nous m{\`e}nent {\`a} conclure que ces approches sont non seulement comparables et {\'e}quivalentes en termes de r{\'e}duction d?incertitude, mais aussi, qu?elles peuvent {\^e}tre utilis{\'e}es en parfaite compl{\'e}mentarit{\'e} de fa{\cc}on {\`a} permettre : de caract{\'e}riser une politique correspondant aux taux acceptables des bonnes
et mauvaises classifications et de d{\'e}terminer les bonnes valeurs des co{\^u}ts et des r{\'e}compenses du mod{\`e}le POMDP classique.}
}

@inproceedings{conf/isrr/PineauG05,
  added-at = {2008-09-25T00:00:00.000+0200},
  author = {Pineau, Joelle and Gordon, Geoffrey J.},
  biburl = {http://www.bibsonomy.org/bibtex/2cfd49d5c10660c85db99172b6ca8d0db/dblp},
  booktitle = {ISRR},
  crossref = {conf/isrr/2005},
  date = {2008-09-25},
  description = {dblp},
  editor = {Thrun, Sebastian and Brooks, Rodney A. and Durrant-Whyte, Hugh F.},
  ee = {http://dx.doi.org/10.1007/978-3-540-48113-3_7},
  interhash = {00570dc3e61d8e59cdb3f3151875276e},
  intrahash = {cfd49d5c10660c85db99172b6ca8d0db},
  isbn = {978-3-540-48110-2},
  keywords = {dblp},
  pages = {69-82},
  publisher = {Springer},
  series = {Springer Tracts in Advanced Robotics},
  timestamp = {2008-09-26T11:52:15.000+0200},
  title = {{POMDP} Planning for Robust Robot Control.},
  url = {http://dblp.uni-trier.de/db/conf/isrr/isrr2005.html#PineauG05},
  volume = 28,
  year = 2005
}


@inproceedings{conf/aaai/Hauskrecht97,
  added-at = {2012-12-11T00:00:00.000+0100},
  author = {Hauskrecht, Milos},
  biburl = {http://www.bibsonomy.org/bibtex/2dfd1fab9527cef8fa3f1036705519415/dblp},
  booktitle = {AAAI/IAAI},
  crossref = {conf/aaai/1997},
  editor = {Kuipers, Benjamin and Webber, Bonnie L.},
  ee = {http://www.aaai.org/Library/AAAI/1997/aaai97-114.php},
  interhash = {06652bc1ab125537c2e6592a0d0cc914},
  intrahash = {dfd1fab9527cef8fa3f1036705519415},
  isbn = {0-262-51095-2},
  keywords = {dblp},
  pages = {734-739},
  publisher = {AAAI Press / The MIT Press},
  timestamp = {2012-12-12T11:43:08.000+0100},
  title = {Incremental Methods for Computing Bounds in Partially Observable {M}arkov Decision Processes.},
  url = {http://dblp.uni-trier.de/db/conf/aaai/aaai97.html#Hauskrecht97},
  year = 1997
}


@inproceedings{conf/aips/PoupartKK11,
  added-at = {2011-06-28T00:00:00.000+0200},
  author = {Poupart, Pascal and Kim, Kee-Eung and Kim, Dongho},
  biburl = {http://www.bibsonomy.org/bibtex/2b6833e4434112e06e69aa8ad1921b235/dblp},
  booktitle = {ICAPS},
  crossref = {conf/aips/2011},
  editor = {Bacchus, Fahiem and Domshlak, Carmel and Edelkamp, Stefan and Helmert, Malte},
  ee = {http://aaai.org/ocs/index.php/ICAPS/ICAPS11/paper/view/2702},
  interhash = {8b7fc8e8981884e45d2afe75ed0bcfd6},
  intrahash = {b6833e4434112e06e69aa8ad1921b235},
  keywords = {dblp},
  publisher = {AAAI},
  timestamp = {2011-06-29T16:49:58.000+0200},
  title = {Closing the Gap: Improved Bounds on Optimal {POMDP} Solutions.},
  url = {http://dblp.uni-trier.de/db/conf/aips/icaps2011.html#PoupartKK11},
  year = 2011
}

@article{DBLP:journals/corr/abs-1106-0234,
  author    = {Milos Hauskrecht},
  title     = {Value-Function Approximations for Partially Observable {M}arkov Decision
               Processes},
  journal   = {CoRR},
  volume    = {abs/1106.0234},
  year      = {2011},
  url       = {http://arxiv.org/abs/1106.0234},
  timestamp = {Mon, 05 Dec 2011 18:05:38 +0100},
  biburl    = {http://dblp.uni-trier.de/rec/bib/journals/corr/abs-1106-0234},
  bibsource = {dblp computer science bibliography, http://dblp.org}
}

@INPROCEEDINGS{Geffner98solvinglarge,
    author = {Hector Geffner and Blai Bonet},
    title = {Solving Large {POMDP}s using Real Time Dynamic Programming},
    booktitle = {In Proc. AAAI Fall Symp. on POMDPs},
    year = {1998}
}

@MISC{Barto93learningto,
    author = {Andrew G. Barto and Steven J. Bradtke and Satinder P. Singh},
    title = {Learning to act using real-time dynamic programming},
    year = {1993}
}

@book{Bertsekas:2000:DPO:517430,
 author = {Bertsekas, Dimitri P.},
 title = {Dynamic Programming and Optimal Control},
 year = {2000},
 isbn = {1886529094},
 edition = {2nd},
 publisher = {Athena Scientific},
} 

@inproceedings{Kocsis:2006:BBM:2091602.2091633,
 author = {Kocsis, Levente and Szepesv\'{a}ri, Csaba},
 title = {Bandit Based {M}onte-{C}arlo Planning},
 booktitle = {Proceedings of the 17th European Conference on Machine Learning},
 series = {ECML'06},
 year = {2006},
 isbn = {3-540-45375-X, 978-3-540-45375-8},
 location = {Berlin, Germany},
 pages = {282--293},
 numpages = {12},
 url = {http://dx.doi.org/10.1007/11871842_29},
 doi = {10.1007/11871842_29},
 acmid = {2091633},
 publisher = {Springer-Verlag},
 address = {Berlin, Heidelberg},
} 

@article{Auer:2002:FAM:599614.599677,
 author = {Auer, Peter and Cesa-Bianchi, Nicol\`{o} and Fischer, Paul},
 title = {Finite-time Analysis of the Multiarmed Bandit Problem},
 journal = {Mach. Learn.},
 issue_date = {May-June 2002},
 volume = {47},
 number = {2-3},
 month = may,
 year = {2002},
 issn = {0885-6125},
 pages = {235--256},
 numpages = {22},
 url = {http://dx.doi.org/10.1023/A:1013689704352},
 doi = {10.1023/A:1013689704352},
 acmid = {599677},
 publisher = {Kluwer Academic Publishers},
 address = {Hingham, MA, USA},
 keywords = {adaptive allocation rules, bandit problems, finite horizon regret},
} 

@article {2008,
	title = {Progressive Strategies for {M}onte-{C}arlo Tree Search},
	journal = {New Mathematics and Natural Computation},
	volume = {4},
	year = {2008},
	pages = {343-357},
	abstract = {Monte-Carlo Tree Search (MCTS) is a new best-first search guided by the results of Monte-Carlo simulations. In this article, we introduce two progressive strategies for MCTS, called progressive bias and progressive unpruning. They enable the use of relatively time-expensive heuristic knowledge without speed reduction. Progressive bias directs the search according to heuristic knowledge. Progressive unpruning first reduces the branching factor, and then increases it gradually again. Experiments assess that the two progressive strategies significantly improve the level of our Go program Mango. Moreover, we see that the combination of both strategies performs even better on larger board sizes.},
	keywords = {computer go, MCTS heuristic search, Monte-Carlo Tree Search},
	doi = {10.1142/S1793005708001094},
	author = {Guillaume M. J-B. Chaslot and Mark H. M. Winands and H. Jaap van den Herik and Jos W. H. M. Uiterwijk and Bruno Bouzy}
}

 @PhDThesis{SERGIOTHESIS,
title = {Conflict prediction in human-machine systems.},
author = {Pizziol, Sergio},
school = {Institut Sup\'erieur de l'A\'eronautique et de l'Espace (ISAE), Onera-DCSD, Syst\`emes-EdSys Doctoral School},
year = {2013},
month = {November},
type = {Th\`ese de doctorat},
address = {Toulouse, France},
abstract = {Conflict prediction in human-machine systems. 
The work is part of research devoted to problems
of human-machine interaction and conflict between 
human and machine which may arise from such situations.
French: Pr\'ediction des conflits dans le syst\`emes homme-machine.
Le travail fait partie de la recherche consacrée à des problèmes 
d'interaction homme-machine et aux conflits entre l'homme et la machine qui pourrait découler de ces situations.
},
keywords = {Interaction homme-machine, Conflits, R\'eseau de Petri, Logique floue, Th\'eorie possibiliste, Surpise d'automation, Conscience de situation, Tunnelisation attentionnelle}
}

@inproceedings{Joshi03,
  title={Mode confusion analysis of a flight guidance system using formal methods},
  author={Joshi, A. and Miller, S. P and Heimdahl, M.P.},
  booktitle={Digital Avionics Systems Conference, 2003. DASC'03. The 22nd},
  volume={1},
  pages={2--D},
  year={2003},
  organization={IEEE}
}

@article{Endsley95,
  author    = {Endsley,M. R. },
  title     = { Towards a Theory of Situation Awareness in Dynamic Systems},
  journal   = {Human Factors},
  number    = {37},
  volume    = {1},
  year      = {1995},
  pages     = {32-64},
}

@Article{rushby99,
	AUTHOR = {Rushby, J. and Crow, J. and Palmer, E.},
	TITLE = {An Automated Method to Detect Potential Mode Confusions},
	BOOKTITLE = {18th AIAA/IEEE Digital Avionics Systems Conference},
	YEAR = {1999},
	ADDRESS = {St Louis, MO},
    note = 	 {Presentation slides}
}

@article{Obrien09,
  author    = {O'Brien, D. P. },
  title     = {Human reasoning includes a mental logic},
  journal   = {Behavioral and brain sciences},
  number    = {1},
  volume    = {32},
  year      = {1995},
  pages     = {96-97},
}

@InProceedings{rushby02a,
  author = 	 {Rushby, J.},
  title = 	 {Using model checking to help discover mode confusions and other automation surprise},
  booktitle =  {Reliability Engineering and System Safety},
  year = 	 {2002},
  volume = 	 {75},
  number = 	 {2},
  pages = 	 {167-177}
}

@book{Oaksford07,
  author    = {Oaksford, M. and Chater, N.},
  title     = {Bayesian Rationality},
  year      = {2007},
  publisher = {Oxford University Press},
  address = {Oxford},
}

@Article{Ozveren90,
  author = 	 {Ozveren, C. M. and Willsky, A. S.},
  title = 	 {Observability of Discrete Event Dynamic Systems},
  journal = 	 {IEEE transactions on automatic control},
  year = 	 {1990},
  volume = 	 {34},
  number = {7},
  pages = 	 {797-806}
}

@inproceedings{combefis11,
  author    = {Comb{\'e}fis, S. and Giannakopoulou, D. and Pecheur, Ch. and Feary, M.},
  title     = {A formal framework for design and analysis of human-machine interaction},
  booktitle = {Systems, Man, and Cybernetics (SMC), 2011 IEEE International Conference on},
  year      = {2011},
  pages     = {1801-1808},
  ee        = {http://dx.doi.org/10.1109/ICSMC.2011.6083933},
  crossref  = {DBLP:conf/smc/2011},
  bibsource = {DBLP, http://dblp.uni-trier.de}
}

@Article{dehais11hf,
  author = 	 {Dehais, F. and Causse, M. and Tremblay, S.},
  title = 	 {Mitigation of conflicts with automation},
  journal = {Human Factors},
  year = 	 {2011},
 volume = 	 {53},
  number = 	 {3},
  pages = 	 {448-460}
}

@Article{dehais11ae,
  author = 	 {Dehais, F. and Causse, M. and Vachon, F. and Tremblay, S.},
  title = 	 {Cognitive conflict in human-automation interactions: A psychophysiological study},
  journal = 	 {Applied Ergonomics},
  year = 	 {2012},
 volume = 	 {43},
  number = 	 {3},
  pages = 	 {588-595}
}

@Article{feary05,
  author =      {Feary, M.},
  title =      {Formal Identification of Automation Surprise Vulnerabilities in Design},
  journal =      {},
  year =      {2005},
 volume =      {},
  number =      {},
 pages =      {}
} 

@article{pizziol14,
  title={Petri net-based modelling of human--automation conflicts in aviation},
  author={Pizziol, Sergio and Tessier, Catherine and Dehais, Fr{\'e}d{\'e}ric},
  journal={Ergonomics},
  number={ahead-of-print},
  pages={1--13},
  year={2014},
  publisher={Taylor \& Francis}
}

%%%%%% SUM 15

@misc{SannerIPPC1111,
author = {Scott Sanner},
title = {Probabilistic track of the 2011 {I}nternational {P}lanning {C}ompetition},
howpublished = {http://users.cecs.anu.edu.au/$\sim$ssanner/IPPC\_2011},
year = {2011}
}

@article{Bel,
    author = {Bellman, Richard},
    citeulike-article-id = {9256539},
    journal = {Indiana Univ. Math. J.},
    keywords = {bellman, mdp},
    pages = {679--684},
    posted-at = {2011-05-06 07:46:36},
    priority = {2},
    title = {A {M}arkovian {D}ecision {P}rocess},
    volume = {6},
    year = {1957}
}

@Article{ Du2006.7,
author = {Dubois, Didier},
title = "{Possibility theory and statistical reasoning}",
journal = {Computational Statistics and Data Analysis},
publisher = {Elsevier},
address = {http://www.elsevier.com/},
year = {2006},
volume = {51},
pages = {47--69},
language = {anglais},
keywords = {incertadriaquant},
abstract = {Numerical possibility distributions can encode special convex families of probability measures. The connection between possibility theory and probability theory is potentially fruitful in the scope of statistical reasoning when uncertainty due to variability of observations should be distinguished from uncertainty due to incomplete information. This paper proposes an overview of numerical possibility theory. Its aim is to show that some notions in statistics are naturally interpreted in the language of this theory. First, probabilistic inequalites (like Chebychev's) offer a natural setting for devising possibility distributions from poor probabilistic information. Moreover, likelihood functions obey the laws of possibility theory when no prior probability is available. Possibility distributions also generalize the notion of confidence or prediction intervals, shedding some light on the role of the mode of asymmetric probability densities in the derivation of maximally informative interval substitutes of probabilistic information. Finally, the simulation of fuzzy sets comes down to selecting a probabilistic representation of a possibility distribution, which coincides with the Shapley value of the corresponding consonant capacity. This selection process is in agreement with Laplace indifference principle and is closely connected with the mean interval of a fuzzy interval. It sheds light on the defuzzification process in fuzzy set theory and provides a natural definition of a subjective possibility distribution that sticks to the Bayesian framework of exchangeable bets. Potential applications to risk assessment are pointed out.}
}

@inproceedings{DBLP:conf/ipmu/AmorFG10,
  author    = {Nahla Ben Amor and
               H{\'{e}}l{\`{e}}ne Fargier and
               Wided Guezguez},
  title     = {Necessity-Based Choquet Integrals for Sequential Decision Making under
               Uncertainty},
  booktitle = {Computational Intelligence for Knowledge-Based Systems Design, 13th
               International Conference on Information Processing and Management
               of Uncertainty, {IPMU} 2010, Dortmund, Germany, June 28 - July 2,
               2010. Proceedings},
  pages     = {521--531},
  year      = {2010},
  crossref  = {DBLP:conf/ipmu/2010},
  url       = {http://dx.doi.org/10.1007/978-3-642-14049-5_54},
  doi       = {10.1007/978-3-642-14049-5_54},
  timestamp = {Mon, 05 Jul 2010 08:21:01 +0200},
  biburl    = {http://dblp.uni-trier.de/rec/bib/conf/ipmu/AmorFG10},
  bibsource = {dblp computer science bibliography, http://dblp.org}
}

@article{DBLP:journals/amai/Cooman01,
  author    = {Gert De Cooman},
  title     = {Integration and Conditioning in Numerical {P}ossibility {T}heory},
  journal   = {Ann. Math. Artif. Intell.},
  volume    = {32},
  number    = {1-4},
  pages     = {87--123},
  year      = {2001},
  url       = {http://dx.doi.org/10.1023/A:1016705331195},
  doi       = {10.1023/A:1016705331195},
  timestamp = {Wed, 18 May 2011 16:17:48 +0200},
  biburl    = {http://dblp.uni-trier.de/rec/bib/journals/amai/Cooman01},
  bibsource = {dblp computer science bibliography, http://dblp.org}
}



@InCollection{ DuPr2002.20,
author = {Dubois, Didier and Prade, Henri},
title = "{Quantitative {P}ossibility {T}heory and its probabilistic connections}",
booktitle = "{Soft Methods in Probability, Statistics and Data Analysis}",
publisher = {Physica Verlag},
address = {Heidelberg - Germany},
year = {2002},
editor = {Grzegorzewski, Przemyslaw and Hryniewicz, Olgierd and Angeles-Gil, Maria},
pages = {3--26},
series = {Advances in Soft Computing},
keywords = {RPDMP-????},
note = {bb},
abstract = {Possibility theory is a representation framework general enough to model various kinds of information items: numbers, intervals, consonant random sets, special kind of probability families, as well as linguistic information, and uncertain formulae in logical settings. This paper focuses on quantitative possibility measures cast in the setting of imprecise probabilities. Recent results on possibility/probability transformations are recalled. The probabilistic interpretation of possibility measures sheds some light on defuzzification methods and suggests a common framework for fuzzy interval analysis and calculations with random parameters. }
}


@article{Dubois1997359,
title = "A Semantics for Possibility Theory Based on Likelihoods ",
journal = "Journal of Mathematical Analysis and Applications ",
volume = "205",
number = "2",
pages = "359 - 380",
year = "1997",
note = "",
issn = "0022-247X",
doi = "http://dx.doi.org/10.1006/jmaa.1997.5193",
url = "http://www.sciencedirect.com/science/article/pii/S0022247X97951933",
author = "Didier Dubois and Serafin Moral and Henri Prade"
}

@ARTICLE{Dubois96representingpartial,
    author = {Didier Dubois and Henri Prade and Philippe Smets},
    title = {Representing Partial Ignorance},
    journal = {IEEE Trans. on Systems, Man and Cybernetics},
    year = {1996},
    volume = {26},
    pages = {361--377}
}

@article{didiersgroundhogday,
	author ={Ines Couso and S\'ebastien Destercke},
	title = {Didier's groundhog day},
	booktitle = {Mathware and Soft Computing},
	volume = {19},
	number = {2},
	url = {http://www.eusflat.org/msc/},
	year = {2012},
	month = {December},
	pages = {10--15} 
}

﻿@inbook {formalrepres,
title = {Formal Representations of Uncertainty},
author = {Dubois, Didier and Prade, Henri},
publisher = {ISTE},
isbn = {9780470611876},
url = {http://www.irit.fr/~Didier.Dubois/Papers1208/IncertitudeEnglish.pdf},
doi = {10.1002/9780470611876.ch3},
pages = {85--156},
keywords = {uncertainty theories, empirical observation, probabilistic representations, formalizing uncertainty, economic decision problems},
booktitle = {Decision-making Process},
year = {2010},
}

@article{trevizan2007planning,
  title={Planning under Risk and Knightian Uncertainty.},
  author={Trevizan, Felipe W and Cozman, Fabio Gagliardi and de Barros, Leliane Nunes},
  journal={IJCAI},
  volume={2007},
  pages={2023--2028},
  year={2007}
}

@article{DBLP:journals/soco/Zadeh98,
  author    = {Lotfi A. Zadeh},
  title     = {Some reflections on soft computing, granular computing and their roles
               in the conception, design and utilization of information/intelligent
               systems},
  journal   = {Soft Comput.},
  volume    = {2},
  number    = {1},
  pages     = {23--25},
  year      = {1998},
  url       = {http://dx.doi.org/10.1007/s005000050030},
  doi       = {10.1007/s005000050030},
  timestamp = {Mon, 26 Jan 2004 12:59:41 +0100},
  biburl    = {http://dblp.uni-trier.de/rec/bib/journals/soco/Zadeh98},
  bibsource = {dblp computer science bibliography, http://dblp.org}
}

@inproceedings{DBLP:conf/aaai/BoutilierP96,
  author    = {Craig Boutilier and
               David Poole},
  title     = {Computing Optimal Policies for Partially Observable Decision Processes
               Using Compact Representations},
  booktitle = {Proceedings of the Thirteenth National Conference on Artificial Intelligence
               and Eighth Innovative Applications of Artificial Intelligence Conference,
               {AAAI} 96, {IAAI} 96, Portland, Oregon, August 4-8, 1996, Volume 2.},
  pages     = {1168--1175},
  year      = {1996},
  crossref  = {DBLP:conf/aaai/1996-2},
  url       = {http://www.aaai.org/Library/AAAI/1996/aaai96-173.php},
  timestamp = {Mon, 15 Jun 2015 19:00:08 +0200},
  biburl    = {http://dblp.uni-trier.de/rec/bib/conf/aaai/BoutilierP96},
  bibsource = {dblp computer science bibliography, http://dblp.org}
}


@inproceedings{DBLP:conf/icml/Osogami15,
  author    = {Takayuki Osogami},
  title     = {Robust partially observable {M}arkov decision process},
  booktitle = {Proceedings of the 32nd International Conference on Machine Learning,
               {ICML} 2015, Lille, France, 6-11 July 2015},
  pages     = {106--115},
  year      = {2015},
  crossref  = {DBLP:conf/icml/2015},
  url       = {http://jmlr.org/proceedings/papers/v37/osogami15.html},
  timestamp = {Sun, 05 Jul 2015 19:10:23 +0200},
  biburl    = {http://dblp2.uni-trier.de/rec/bib/conf/icml/Osogami15},
  bibsource = {dblp computer science bibliography, http://dblp.org}
}


@article{NE:05,
	Author = {Arnab Nilim and Laurent {El Ghaoui}},
        Journal = {Oper. Res.},
	Number = {5},
	Pages = {780--798},
	Title = {Robust Control of {M}arkov Decision Processes with Uncertain Transition Matrices},
	Volume = {53},
	Year = {2005},
	Month = {September-October}}


@article{DBLP:journals/corr/abs-1202-3718,
  author    = {H{\'{e}}l{\`{e}}ne Fargier and
               Nahla Ben Amor and
               Wided Guezguez},
  title     = {On the Complexity of Decision Making in Possibilistic Decision Trees},
  journal   = {CoRR},
  volume    = {abs/1202.3718},
  year      = {2012},
  url       = {http://arxiv.org/abs/1202.3718},
  timestamp = {Wed, 10 Oct 2012 21:28:48 +0200},
  biburl    = {http://dblp.uni-trier.de/rec/bib/journals/corr/abs-1202-3718},
  bibsource = {dblp computer science bibliography, http://dblp.org}
}


@article{DBLP:journals/jfr/SermanetHSGBECML09,
  author    = {Pierre Sermanet and
               Raia Hadsell and
               Marco Scoffier and
               Matthew Grimes and
               Jan Ben and
               Ayse Erkan and
               Chris Crudele and
               Urs Miller and
               Yann LeCun},
  title     = {A multirange architecture for collision-free off-road robot
               navigation},
  journal   = {J. Field Robotics},
  volume    = {26},
  number    = {1},
  year      = {2009},
  pages     = {52-87},
  ee        = {http://dx.doi.org/10.1002/rob.20270},
  bibsource = {DBLP, http://dblp.uni-trier.de}
}

@inproceedings{LeCun.2004,
    author = {Lecun, Y. and Huang, F. J. and Bottou, L.},
    citeulike-article-id = {1551365},
    journal = {Proceedings of CVPR'04},
    keywords = {computer-vision, lenet, recognition},
    posted-at = {2007-08-10 12:20:22},
    priority = {5},
    title = {{Learning methods for generic object recognition with invariance to pose and lighting}},
    volume = {2},
    year = {2004}
}

@INPROCEEDINGS{Lecun98gradient-basedlearning,
    author = {Yann Lecun and L\'eon Bottou and Yoshua Bengio and Patrick Haffner},
    title = {Gradient-based learning applied to document recognition},
    booktitle = {Proceedings of the IEEE},
    year = {1998},
    pages = {2278--2324}
}



@incollection{lecun-98x,
  author = {{Le Cun}, Yann and Bottou, L\'{e}on and Orr, Genevieve B. and M{\"{u}}ller, Klaus-Robert},
  title = {Efficient Backprop},
  booktitle = {Neural Networks, Tricks of the Trade},
  series = {Lecture Notes in Computer Science LNCS~1524},
  publisher = {Springer Verlag},
  year = {1998},
  url = {http://leon.bottou.org/papers/lecun-98x},
}

@incollection{bottou-tricks-2012,
  author = {Bottou, L\'{e}on},
  title = {Stochastic Gradient Tricks},
  booktitle = {Neural Networks, Tricks of the Trade, Reloaded},
  pages = {430--445},
  editor = {Montavon, Gr\'{e}goire and Orr, Genevieve B. and M\"{u}ller, Klaus-Robert},
  series = {Lecture Notes in Computer Science (LNCS 7700)},
  publisher = {Springer},
  year = {2012},
  url = {http://leon.bottou.org/papers/bottou-tricks-2012},
}

@inproceedings{bottou-91c,
  author = {Bottou, {L\'eon}},
  title = {Stochastic Gradient Learning in Neural Networks},
  booktitle = {Proceedings of Neuro-N\^imes 91},
  year = {1991},
  address = {Nimes, France},
  publisher = {EC2},
  url = {http://leon.bottou.org/papers/bottou-91c},
}

@INPROCEEDINGS{Collobert_NIPSWORKSHOP_2011,
         author = {Collobert, Ronan and Kavukcuoglu, Koray and Farabet, Cl{\'{e}}ment},
       projects = {Idiap},
          title = {Torch7: A {M}atlab-like Environment for Machine Learning},
      booktitle = {BigLearn, NIPS Workshop},
           year = {2011},
            pdf = {http://publications.idiap.ch/downloads/papers/2011/Collobert_NIPSWORKSHOP_2011.pdf}
}

@INPROCEEDINGS{Littman01predictiverepresentations,
    author = {Michael L. Littman and Richard S. Sutton and Satinder Singh},
    title = {Predictive Representations of State},
    booktitle = {In Advances In Neural Information Processing Systems 14},
    year = {2001},
    pages = {1555--1561},
    publisher = {MIT Press}
}
